<?xml version = "1.0" encoding = "UTF-8"?><OAI-PMH xmlns="http://www.openarchives.org/OAI/2.0/" xmlns:xsi="http://www.w3.org/2001/XMLSchema-instance" xsi:schemaLocation="http://www.openarchives.org/OAI/2.0/ http://www.openarchives.org/OAI/2.0/OAI-PMH.xsd"><ListRecords><record><header><identifier>aleph-publish:011254277</identifier></header><metadata><record xmlns="http://www.ddb.de/professionell/mabxml/mabxml-1.xsd"><leader>00680vM2.01200024------h</leader><controlfield tag="LDR">00680vM2.01200024------h</controlfield><controlfield tag="FMT">MH</controlfield><datafield tag="001" ind1="-" ind2="1"><subfield code="a">HT012926727</subfield></datafield><datafield tag="002" ind1="a" ind2="1"><subfield code="a">20010220</subfield></datafield><datafield tag="003" ind1="-" ind2="1"><subfield code="a">20210408104229.0</subfield></datafield><datafield tag="025" ind1="o" ind2="1"><subfield code="a">1068867512</subfield></datafield><datafield tag="026" ind1="-" ind2="1"><subfield code="a">HBZHT012926727</subfield></datafield><controlfield tag="030">a|1uc||||||17</controlfield><datafield tag="036" ind1="a" ind2="1"><subfield code="a">DE</subfield></datafield><datafield tag="037" ind1="b" ind2="1"><subfield code="a">ger</subfield></datafield><controlfield tag="050">a|||||||||||||</controlfield><controlfield tag="051">m|||||||</controlfield><datafield tag="070" ind1="-" ind2="1"><subfield code="a">6</subfield></datafield><datafield tag="070" ind1="b" ind2="1"><subfield code="a">290</subfield></datafield><datafield tag="080" ind1="-" ind2="1"><subfield code="a">60</subfield></datafield><datafield tag="100" ind1="-" ind2="1"><subfield code="p">Müller, Leonhard</subfield><subfield code="d">1929-</subfield><subfield code="9">(DE-588)1031919368</subfield></datafield><datafield tag="101" ind1="-" ind2="1"><subfield code="p">Müller, L.</subfield><subfield code="d">1929-</subfield></datafield><datafield tag="331" ind1="-" ind2="1"><subfield code="a">Handbuch der Elektrizitätswirtschaft</subfield></datafield><datafield tag="335" ind1="-" ind2="1"><subfield code="a">technische, wirtschaftliche und rechtliche Grundlagen</subfield></datafield><datafield tag="359" ind1="-" ind2="1"><subfield code="a">Leonhard Müller</subfield></datafield><datafield tag="403" ind1="-" ind2="1"><subfield code="a">2. Aufl.</subfield></datafield><datafield tag="410" ind1="-" ind2="1"><subfield code="a">Berlin [u.a.]</subfield></datafield><datafield tag="412" ind1="-" ind2="1"><subfield code="a">Springer</subfield></datafield><datafield tag="425" ind1="a" ind2="1"><subfield code="a">2001</subfield></datafield><datafield tag="433" ind1="-" ind2="1"><subfield code="a">XIV, 514 S. : graph. Darst., Kt.</subfield></datafield><datafield tag="437" ind1="-" ind2="1"><subfield code="a">1 Kt.-Beil.</subfield></datafield><datafield tag="511" ind1="-" ind2="1"><subfield code="a">Hier auch später erschienene, unveränderte Nachdrucke</subfield></datafield><datafield tag="512" ind1="-" ind2="1"><subfield code="a">Kt. im Nachdr. eingebunden</subfield></datafield><datafield tag="540" ind1="a" ind2="1"><subfield code="a">978-3-642-63194-8</subfield></datafield><datafield tag="540" ind1="a" ind2="1"><subfield code="a">3-540-67637-6</subfield><subfield code="b">Pp. : EUR 129.95</subfield></datafield><datafield tag="655" ind1="e" ind2="1"><subfield code="m">V:DE-605;X:Imageware</subfield><subfield code="q">application/pdf</subfield><subfield code="u">http://digitale-objekte.hbz-nrw.de/storage2/2018/01/31/file_20/7507718.pdf</subfield><subfield code="3">Inhaltsverzeichnis</subfield><subfield code="A">2</subfield></datafield><datafield tag="902" ind1="-" ind2="1"><subfield code="g">Deutschland</subfield><subfield code="9">(DE-588)4011882-4</subfield></datafield><datafield tag="902" ind1="-" ind2="1"><subfield code="s">Elektrizitätswirtschaft</subfield><subfield code="9">(DE-588)4014228-0</subfield></datafield><datafield tag="903" ind1="-" ind2="1"><subfield code="a">21</subfield></datafield><controlfield tag="SYS">011254277</controlfield><datafield tag="LOW" ind1="-" ind2="1"><subfield code="a">K0001</subfield></datafield><datafield tag="LOW" ind1="-" ind2="1"><subfield code="a">B0001</subfield></datafield><datafield tag="LOW" ind1="-" ind2="1"><subfield code="a">Q1091</subfield></datafield><datafield tag="LOW" ind1="-" ind2="1"><subfield code="a">L0001</subfield></datafield><datafield tag="LOW" ind1="-" ind2="1"><subfield code="a">N5001</subfield></datafield><datafield tag="952" ind1="-" ind2="1"><subfield code="g">Deutsche Länder</subfield></datafield><datafield tag="952" ind1="-" ind2="1"><subfield code="g">Germany</subfield><subfield code="h">Deutschland</subfield></datafield><datafield tag="952" ind1="-" ind2="1"><subfield code="g">Heiliges Römisches Reich</subfield></datafield><datafield tag="952" ind1="-" ind2="1"><subfield code="g">Rheinbund</subfield></datafield><datafield tag="952" ind1="-" ind2="1"><subfield code="g">Deutscher Bund</subfield></datafield><datafield tag="952" ind1="-" ind2="1"><subfield code="g">Norddeutscher Bund</subfield></datafield><datafield tag="952" ind1="-" ind2="1"><subfield code="g">Deutsches Reich</subfield></datafield><datafield tag="952" ind1="-" ind2="1"><subfield code="g">Deutschland</subfield><subfield code="h">Gebiet unter Alliierter Besatzung</subfield></datafield><datafield tag="952" ind1="-" ind2="1"><subfield code="g">Deutschland</subfield><subfield code="h">Bundesrepublik, 1990-</subfield></datafield><datafield tag="952" ind1="-" ind2="1"><subfield code="g">BRD</subfield><subfield code="h">1990-</subfield></datafield><datafield tag="952" ind1="-" ind2="1"><subfield code="g">Federal Republic of Germany</subfield><subfield code="h">Deutschland</subfield></datafield><datafield tag="952" ind1="-" ind2="1"><subfield code="g">Republic of Germany</subfield><subfield code="h">Deutschland</subfield></datafield><datafield tag="952" ind1="-" ind2="1"><subfield code="g">Allemagne</subfield><subfield code="h">Deutschland</subfield></datafield><datafield tag="952" ind1="-" ind2="1"><subfield code="g">Ǧumhūrīyat Almāniyā al-Ittiḥādīya</subfield></datafield><datafield tag="952" ind1="-" ind2="1"><subfield code="g">Bundesrepublik Deutschland</subfield><subfield code="h">1990-</subfield></datafield><datafield tag="952" ind1="-" ind2="1"><subfield code="g">BRD</subfield></datafield><datafield tag="952" ind1="-" ind2="1"><subfield code="g">Niemcy</subfield></datafield><datafield tag="952" ind1="-" ind2="1"><subfield code="g">République Fédérale d&apos;Allemagne</subfield><subfield code="h">Deutschland</subfield></datafield><datafield tag="952" ind1="-" ind2="1"><subfield code="g">Repubblica Federale di Germania</subfield><subfield code="h">Deutschland</subfield></datafield><datafield tag="952" ind1="-" ind2="1"><subfield code="g">Germanija</subfield></datafield><datafield tag="952" ind1="-" ind2="1"><subfield code="g">Federativnaja Respublika Germanija</subfield></datafield><datafield tag="952" ind1="-" ind2="1"><subfield code="g">FRG</subfield></datafield><datafield tag="952" ind1="-" ind2="1"><subfield code="g">Deyizhi-Lianbang-Gongheguo</subfield></datafield><datafield tag="952" ind1="-" ind2="1"><subfield code="s">Stromwirtschaft</subfield></datafield><datafield tag="952" ind1="-" ind2="1"><subfield code="s">Elektrizität</subfield><subfield code="x">Energiewirtschaft</subfield></datafield><datafield tag="952" ind1="-" ind2="1"><subfield code="s">Elektrizität</subfield><subfield code="x">Wirtschaft</subfield></datafield><datafield tag="952" ind1="-" ind2="1"><subfield code="s">Elektrischer Strom</subfield><subfield code="x">Energiewirtschaft</subfield></datafield><datafield tag="088" ind1=" " ind2=" "><subfield code="a">51</subfield><subfield code="b">00000000</subfield><subfield code="c">01-18.22.1979</subfield><subfield code="e">ILL Ausleihe</subfield></datafield><datafield tag="088" ind1=" " ind2=" "><subfield code="a">294</subfield><subfield code="b">00000044</subfield><subfield code="c">WQB20673:2</subfield><subfield code="e">ILL Ausleihe</subfield></datafield><datafield tag="088" ind1=" " ind2=" "><subfield code="a">294</subfield><subfield code="b">00000044</subfield><subfield code="c">WQB20673+1:2</subfield><subfield code="e">ILL Ausleihe</subfield></datafield><datafield tag="088" ind1=" " ind2=" "><subfield code="a">5/225</subfield><subfield code="b">00090002</subfield><subfield code="c">R 278 2001/11</subfield><subfield code="e">keine ILL</subfield></datafield><datafield tag="088" ind1=" " ind2=" "><subfield code="a">1042</subfield><subfield code="c">etech A 002 2. Aufl.</subfield><subfield code="e">Keine Angabe</subfield></datafield><datafield tag="088" ind1=" " ind2=" "><subfield code="a">38</subfield><subfield code="b">00000001</subfield><subfield code="c">28A2398</subfield><subfield code="e">ILL Ausleihe</subfield></datafield><datafield tag="088" ind1=" " ind2=" "><subfield code="a">829</subfield><subfield code="b">00003000</subfield><subfield code="c">XYG Müll</subfield><subfield code="e">ILL Ausleihe</subfield></datafield><datafield tag="088" ind1=" " ind2=" "><subfield code="a">829</subfield><subfield code="b">00003000</subfield><subfield code="c">XYG Müll</subfield><subfield code="e">keine ILL</subfield></datafield><datafield tag="088" ind1=" " ind2=" "><subfield code="a">1010</subfield><subfield code="c">PUM23(2)</subfield><subfield code="e">keine Angabe</subfield></datafield><datafield tag="088" ind1=" " ind2=" "><subfield code="a">468</subfield><subfield code="b">83</subfield><subfield code="c">XYG1362(2)</subfield><subfield code="e">ausleihbar</subfield></datafield><datafield tag="088" ind1=" " ind2=" "><subfield code="a">290</subfield><subfield code="b">F_ZB</subfield><subfield code="c">V 10968/2</subfield><subfield code="e">ILL Kopie+Ausl.</subfield></datafield><datafield tag="088" ind1=" " ind2=" "><subfield code="a">61/81</subfield><subfield code="b">81P</subfield><subfield code="c">jurj354.m946</subfield><subfield code="e">Handapparat</subfield></datafield><datafield tag="088" ind1=" " ind2=" "><subfield code="a">61</subfield><subfield code="b">02</subfield><subfield code="c">wirq509.m946</subfield><subfield code="e">Ausleihbestand</subfield></datafield><datafield tag="088" ind1=" " ind2=" "><subfield code="a">468</subfield><subfield code="b">87</subfield><subfield code="c">XYG1362(2)+1</subfield><subfield code="e">ausleihbar</subfield></datafield><datafield tag="088" ind1=" " ind2=" "><subfield code="a">6</subfield><subfield code="c">59 28446</subfield><subfield code="e">keine Angabe</subfield></datafield><datafield tag="088" ind1=" " ind2=" "><subfield code="a">Bi 10</subfield><subfield code="c">XYF Muel</subfield><subfield code="e">kA</subfield></datafield><datafield tag="088" ind1=" " ind2=" "><subfield code="a">1393</subfield><subfield code="c">00/XYG3(2)</subfield><subfield code="e">keine Angabe</subfield></datafield><datafield tag="088" ind1=" " ind2=" "><subfield code="a">1393</subfield><subfield code="c">00/XYG3(2)+4</subfield><subfield code="e">keine Angabe</subfield></datafield><datafield tag="088" ind1=" " ind2=" "><subfield code="a">Dm 13</subfield><subfield code="c">XYG 6(2)</subfield><subfield code="e">keine Angabe</subfield></datafield><datafield tag="088" ind1=" " ind2=" "><subfield code="a">1393</subfield><subfield code="c">00/XYG3(2)+2</subfield><subfield code="e">keine Angabe</subfield></datafield><datafield tag="088" ind1=" " ind2=" "><subfield code="a">6/017</subfield><subfield code="c">G IV a 132</subfield><subfield code="e">keine Angabe</subfield></datafield><datafield tag="088" ind1=" " ind2=" "><subfield code="a">465</subfield><subfield code="b">D43</subfield><subfield code="c">XYG1451(2)_d</subfield><subfield code="e">Ausleihbestand</subfield></datafield><datafield tag="088" ind1=" " ind2=" "><subfield code="a">1393</subfield><subfield code="c">00/XYG3(2)+3</subfield><subfield code="e">keine Angabe</subfield></datafield><datafield tag="088" ind1=" " ind2=" "><subfield code="a">465</subfield><subfield code="b">D43</subfield><subfield code="c">XYG1451(2)_d</subfield><subfield code="e">Ausleihbestand</subfield></datafield><datafield tag="088" ind1=" " ind2=" "><subfield code="a">Hag 4/4</subfield><subfield code="c">81PUM5023(2)+1</subfield><subfield code="e">keine Angabe</subfield></datafield><datafield tag="088" ind1=" " ind2=" "><subfield code="a">Hag 4</subfield><subfield code="c">W-Wgm32 20:2</subfield><subfield code="e">keine Angabe</subfield></datafield><datafield tag="088" ind1=" " ind2=" "><subfield code="a">Hag 4/4</subfield><subfield code="c">81PUM5023(2)</subfield><subfield code="e">keine Angabe</subfield></datafield><datafield tag="088" ind1=" " ind2=" "><subfield code="a">Hag 4/4</subfield><subfield code="c">81PUM5023(2)+2</subfield><subfield code="e">keine Angabe</subfield></datafield><datafield tag="088" ind1=" " ind2=" "><subfield code="a">Hag 4</subfield><subfield code="c">E/ZB-Wgm32 20:2A</subfield><subfield code="e">keine Angabe</subfield></datafield><datafield tag="088" ind1=" " ind2=" "><subfield code="a">Kob 7</subfield><subfield code="b">FRHKO</subfield><subfield code="c">AR/XE 2003 6306(2)</subfield><subfield code="e">ausleihbar 4 Wochen</subfield></datafield><datafield tag="088" ind1=" " ind2=" "><subfield code="a">Hag 4</subfield><subfield code="c">E/ZB-Wgm32 20:2B</subfield><subfield code="e">keine Angabe</subfield></datafield><datafield tag="088" ind1=" " ind2=" "><subfield code="a">Dü 62</subfield><subfield code="c">11 ZPH 26 (2)</subfield><subfield code="e">keine Angabe</subfield></datafield><datafield tag="088" ind1=" " ind2=" "><subfield code="a">Dü 62</subfield><subfield code="c">16 ZPH 26 (2) +1</subfield><subfield code="e">keine Angabe</subfield></datafield><datafield tag="088" ind1=" " ind2=" "><subfield code="a">A 96</subfield><subfield code="b">EUP_F</subfield><subfield code="c">21 ZPH 74(2)</subfield><subfield code="e">ILL Kopie+Ausl.</subfield></datafield><datafield tag="088" ind1=" " ind2=" "><subfield code="a">465</subfield><subfield code="b">E31</subfield><subfield code="c">ZPH3644(2)</subfield><subfield code="e">Ausleihbestand</subfield></datafield><datafield tag="088" ind1=" " ind2=" "><subfield code="a">465</subfield><subfield code="b">E31</subfield><subfield code="c">ZPH3644(2)</subfield><subfield code="e">Ausleihbestand</subfield></datafield><datafield tag="088" ind1=" " ind2=" "><subfield code="a">465</subfield><subfield code="b">D33</subfield><subfield code="c">ZPO41357(2)</subfield><subfield code="e">Magazinausleihe</subfield></datafield><datafield tag="088" ind1=" " ind2=" "><subfield code="a">60</subfield></datafield><datafield tag="700" ind1="h" ind2="9"><subfield code="a">AR 810</subfield><subfield code="2">kob</subfield></datafield></record></metadata></record></ListRecords></OAI-PMH>